%YAML 1.1
%TAG !u! tag:unity3d.com,2011:
--- !u!1001 &100100000
Prefab:
  m_ObjectHideFlags: 1
  serializedVersion: 2
  m_Modification:
    m_TransformParent: {fileID: 0}
    m_Modifications: []
    m_RemovedComponents: []
  m_SourcePrefab: {fileID: 0}
  m_RootGameObject: {fileID: 1373503964920108}
  m_IsPrefabAsset: 1
--- !u!1 &1373503964920108
GameObject:
  m_ObjectHideFlags: 0
  m_CorrespondingSourceObject: {fileID: 0}
  m_PrefabInternal: {fileID: 100100000}
  serializedVersion: 6
  m_Component:
  - component: {fileID: 4531261080107650}
  - component: {fileID: 212246237650677548}
  - component: {fileID: 114265426247163438}
  - component: {fileID: 114738768935547120}
  - component: {fileID: 114490942809316144}
  - component: {fileID: 114988819848555642}
  m_Layer: 0
  m_Name: door_ToBasement
  m_TagString: Untagged
  m_Icon: {fileID: 0}
  m_NavMeshLayer: 0
  m_StaticEditorFlags: 4294967295
  m_IsActive: 1
--- !u!4 &4531261080107650
Transform:
  m_ObjectHideFlags: 1
  m_CorrespondingSourceObject: {fileID: 0}
  m_PrefabInternal: {fileID: 100100000}
  m_GameObject: {fileID: 1373503964920108}
  m_LocalRotation: {x: -0, y: -0, z: -0, w: 1}
  m_LocalPosition: {x: -0.65, y: 2.07, z: 9.75}
  m_LocalScale: {x: 1.7941097, y: 3.3340335, z: 1}
  m_Children: []
  m_Father: {fileID: 0}
  m_RootOrder: 0
  m_LocalEulerAnglesHint: {x: 0, y: 0, z: 0}
--- !u!114 &114265426247163438
MonoBehaviour:
  m_ObjectHideFlags: 1
  m_CorrespondingSourceObject: {fileID: 0}
  m_PrefabInternal: {fileID: 100100000}
  m_GameObject: {fileID: 1373503964920108}
  m_Enabled: 1
  m_EditorHideFlags: 0
  m_Script: {fileID: 11500000, guid: 4ca70ad2433775e4296dd189bee8498e, type: 3}
  m_Name: 
  m_EditorClassIdentifier: 
  objectType: 1
  objectName: Door to Crypt
  objectInspectDescription: Stairs down into a dark room.
  objectUsedDescription: 
  objectInteractDescription: You head down the stairs.
  objectInventoryDescription: 
  objectUniqueInteractionText: 
  dialogue: {fileID: 0}
  hitbox:
    rect:
      serializedVersion: 2
      x: 0
      y: 0
      width: 1.8
      height: 3.3
  objectState: 4
  parentName: 
--- !u!114 &114490942809316144
MonoBehaviour:
  m_ObjectHideFlags: 1
  m_CorrespondingSourceObject: {fileID: 0}
  m_PrefabInternal: {fileID: 100100000}
  m_GameObject: {fileID: 1373503964920108}
  m_Enabled: 1
  m_EditorHideFlags: 0
  m_Script: {fileID: 11500000, guid: fae4c042e79de994e9d34cf94858a333, type: 3}
  m_Name: 
  m_EditorClassIdentifier: 
  prefabName: door_ToBasement
  data:
    prefabName: 
    position: {x: 0, y: 0, z: 0}
    eulerAngles: {x: 0, y: 0, z: 0}
    state: 0
    ParentName: 
--- !u!114 &114738768935547120
MonoBehaviour:
  m_ObjectHideFlags: 1
  m_CorrespondingSourceObject: {fileID: 0}
  m_PrefabInternal: {fileID: 100100000}
  m_GameObject: {fileID: 1373503964920108}
  m_Enabled: 1
  m_EditorHideFlags: 0
  m_Script: {fileID: 11500000, guid: 7a46db49d26e0834a9a2ddb4b0acd12a, type: 3}
  m_Name: 
  m_EditorClassIdentifier: 
  RelativeMovement: {x: 0, y: 0, z: 0}
  RelativeRotation: {x: 0, y: 0, z: 0}
  genericEvent:
    m_PersistentCalls:
      m_Calls: []
    m_TypeName: UnityEngine.Events.UnityEvent, UnityEngine.CoreModule, Version=0.0.0.0,
      Culture=neutral, PublicKeyToken=null
  genericMessage:
    message: moveToCrypt
--- !u!114 &114988819848555642
MonoBehaviour:
  m_ObjectHideFlags: 1
  m_CorrespondingSourceObject: {fileID: 0}
  m_PrefabInternal: {fileID: 100100000}
  m_GameObject: {fileID: 1373503964920108}
  m_Enabled: 1
  m_EditorHideFlags: 0
  m_Script: {fileID: 11500000, guid: cc7755e2471657a448dc0fee7e55f567, type: 3}
  m_Name: 
  m_EditorClassIdentifier: 
  ToReceive:
    message: openBasementDoor
  movement: {x: 0, y: 0, z: 0}
  rotation: {x: 0, y: 0, z: 0}
  relative: 1
  GenericEvents:
    m_PersistentCalls:
      m_Calls:
      - m_Target: {fileID: 114265426247163438}
        m_MethodName: UnHide
        m_Mode: 1
        m_Arguments:
          m_ObjectArgument: {fileID: 0}
          m_ObjectArgumentAssemblyTypeName: UnityEngine.Object, UnityEngine
          m_IntArgument: 0
          m_FloatArgument: 0
          m_StringArgument: 
          m_BoolArgument: 0
        m_CallState: 2
      - m_Target: {fileID: 114265426247163438}
        m_MethodName: EnableInteraction
        m_Mode: 1
        m_Arguments:
          m_ObjectArgument: {fileID: 0}
          m_ObjectArgumentAssemblyTypeName: UnityEngine.Object, UnityEngine
          m_IntArgument: 0
          m_FloatArgument: 0
          m_StringArgument: 
          m_BoolArgument: 0
        m_CallState: 2
    m_TypeName: UnityEngine.Events.UnityEvent, UnityEngine.CoreModule, Version=0.0.0.0,
      Culture=neutral, PublicKeyToken=null
--- !u!212 &212246237650677548
SpriteRenderer:
  m_ObjectHideFlags: 1
  m_CorrespondingSourceObject: {fileID: 0}
  m_PrefabInternal: {fileID: 100100000}
  m_GameObject: {fileID: 1373503964920108}
  m_Enabled: 0
  m_CastShadows: 0
  m_ReceiveShadows: 0
  m_DynamicOccludee: 1
  m_MotionVectors: 1
  m_LightProbeUsage: 1
  m_ReflectionProbeUsage: 1
  m_RenderingLayerMask: 4294967295
  m_Materials:
  - {fileID: 10754, guid: 0000000000000000f000000000000000, type: 0}
  m_StaticBatchInfo:
    firstSubMesh: 0
    subMeshCount: 0
  m_StaticBatchRoot: {fileID: 0}
  m_ProbeAnchor: {fileID: 0}
  m_LightProbeVolumeOverride: {fileID: 0}
  m_ScaleInLightmap: 1
  m_PreserveUVs: 0
  m_IgnoreNormalsForChartDetection: 0
  m_ImportantGI: 0
  m_StitchLightmapSeams: 0
  m_SelectedEditorRenderState: 0
  m_MinimumChartSize: 4
  m_AutoUVMaxDistance: 0.5
  m_AutoUVMaxAngle: 89
  m_LightmapParameters: {fileID: 0}
  m_SortingLayerID: 0
  m_SortingLayer: 0
  m_SortingOrder: -7
  m_Sprite: {fileID: 21300000, guid: 8fb625cbd0aa5b644bc2fef9e565c27c, type: 3}
  m_Color: {r: 0, g: 0, b: 0, a: 1}
  m_FlipX: 0
  m_FlipY: 0
  m_DrawMode: 0
  m_Size: {x: 1, y: 1}
  m_AdaptiveModeThreshold: 0.5
  m_SpriteTileMode: 0
  m_WasSpriteAssigned: 1
  m_MaskInteraction: 0
  m_SpriteSortPoint: 0
